<record><leader>00000cas a2200000 a 4500</leader><controlfield tag="001">32684029</controlfield><controlfield tag="008">950621d1uuu1944caudr ne      0    0eng c</controlfield><datafield ind1=" " ind2=" " tag="010"><subfield code="a">sn 95061048 </subfield></datafield><datafield ind1=" " ind2=" " tag="040"><subfield code="a">CNK</subfield><subfield code="b">eng</subfield><subfield code="c">CNK</subfield><subfield code="d">OCLCQ</subfield><subfield code="d">CNK</subfield><subfield code="d">OCLCQ</subfield><subfield code="d">OCLCF</subfield><subfield code="d">OCLCO</subfield></datafield><datafield ind1="1" ind2=" " tag="029"><subfield code="a">AU@</subfield><subfield code="b">000011782585</subfield></datafield><datafield ind1=" " ind2=" " tag="042"><subfield code="a">pcc</subfield></datafield><datafield ind1=" " ind2=" " tag="043"><subfield code="a">n-us-ca</subfield></datafield><datafield ind1="0" ind2="4" tag="245"><subfield code="a">The Long Beach sun.</subfield></datafield><datafield ind1=" " ind2=" " tag="260"><subfield code="a">Long Beach, Calif. :</subfield><subfield code="b">Morning Sun Pub. Co.</subfield></datafield><datafield ind1=" " ind2=" " tag="300"><subfield code="a">v.</subfield></datafield><datafield ind1=" " ind2=" " tag="310"><subfield code="a">Daily</subfield></datafield><datafield ind1="0" ind2=" " tag="362"><subfield code="a">-Dec. 30, 1944.</subfield></datafield><datafield ind1=" " ind2=" " tag="515"><subfield code="a">Issues lack vol. and number designation, Jan. 1, 1929-Dec. 20, 1930; and resume with v. 34, no. 274 (Dec. 31, 1930).</subfield></datafield><datafield ind1=" " ind2=" " tag="588"><subfield code="a">Description based on: Vol. 33, no. 43 (May 13, 1928).</subfield></datafield><datafield ind1=" " ind2="0" tag="651"><subfield code="a">Long Beach (Calif.)</subfield><subfield code="v">Newspapers.</subfield></datafield><datafield ind1=" " ind2="7" tag="655"><subfield code="a">Newspapers.</subfield><subfield code="2">fast</subfield><subfield code="0">(OCoLC)fst01423814</subfield></datafield><datafield ind1=" " ind2="7" tag="651"><subfield code="a">California</subfield><subfield code="z">Long Beach.</subfield><subfield code="2">fast</subfield><subfield code="0">(OCoLC)fst01206254</subfield></datafield><datafield ind1=" " ind2=" " tag="752"><subfield code="a">United States</subfield><subfield code="b">California</subfield><subfield code="c">Los Angeles</subfield><subfield code="d">Long Beach.</subfield></datafield><datafield ind1="0" ind2="7" tag="785"><subfield code="t">Long Beach press-telegram</subfield><subfield code="w">(DLC)sn 84025128</subfield></datafield><datafield ind1="0" ind2="7" tag="785"><subfield code="t">Press-telegram and Long Beach sun</subfield><subfield code="w">(DLC)sn 96062851</subfield></datafield></record>